% Program Studi D-IV Komputasi Statistik
% Politeknik Statistika STIS
%
% Berikut ini adalah contoh penggunaan referensi dalam format BibTeX
% 
% 

% Contoh referensi berupa: Buku

@book{pustaka1,
author={A. E. Brouwer and W. H. Haemers},
title={Spectra of Graphs}, 
publisher={Springer}, 
year={2012}, 
address={New York},
}

% Contoh referensi berupa: Bagian/Bab dalam Buku

@inbook{pustaka2,
author={Shakarian, Paulo and Bhatnagar, Abhinav and Aleali, Ashkan and Shaabani, Elham and Guo, Ruocheng},
title={The Independent Cascade and Linear Threshold Models},
bookTitle={Diffusion in Social Networks},
year={2015},
publisher={Springer International Publishing},
address={Cham},
pages={35--48},
isbn={978-3-319-23105-1},
doi={10.1007/978-3-319-23105-1_4},
}

% Contoh referensi berupa: Jurnal


@ARTICLE{ar1,
  author={W. {Xia} and Y. {Wen} and C. H. {Foh} and D. {Niyato} and H. {Xie}},
  journal={IEEE Communications Surveys   Tutorials}, 
  title={A Survey on Software-Defined Networking}, 
  year={2015},
  volume={17},
  number={1},
  pages={27-51},
  doi={10.1109/COMST.2014.2330903}}

% Contoh referensi berupa: Seminar/Proceeding

@inproceedings{pustaka4, 
author={Wijayanto, Arie Wahyu and Murata, Tsuyoshi},  
title={Learning Adaptive Graph Protection Strategy on Dynamic Networks via Reinforcement Learning}, 
booktitle={2018 IEEE/WIC/ACM International Conference on Web Intelligence (WI)}, 
series={WI 2018},
year={2018}, 
month={Dec},
pages={534-539},
doi={10.1109/WI.2018.00-41},
publisher={IEEE},
address={New York, USA},
}

% Contoh referensi berupa: Sumber elektronik (Website)

@online{setup,
author={Xinmiao Yu, Zhanpeng Zhou},
title={Prototype system setup},
year={2020},
url={https://github.com/MrZhang1994/distributed-machine-learning-platform-platform/blob/master/Prototype system setup.md},
urldate={2020-11-30}
}
@online{kudoc,
author={ Author Kubernetes},
title={What is Kubernetes},
year={2020},
url={https://kubernetes.io/docs/concepts/overview/what-is-kubernetes/},
urldate={2020-11-30}
}


@online{kucom,
author={Author Kubernetes},
title={Kubernetes Components},
year={2020},
url={https://kubernetes.io/docs/concepts/overview/components/},
urldate={2020-11-30}
}

@book{43826,
title	= {Kubernetes - Scheduling the Future at Cloud Scale},
author	= {David K. Rensin},
year	= {2015},
URL	= {http://www.oreilly.com/webops-perf/free/kubernetes.csp},
booktitle	= {OSCON 2015},
pages	= {All},
address	= {1005 Gravenstein Highway North Sebastopol, CA 95472}
}



@online{kudeamon,
author={ Author Kubernetes},
title={Kubernetes Components},
year={2020},
url={https://kubernetes.io/docs/concepts/workloads/controllers/daemonset/},
urldate={2020-11-30}
}

@INPROCEEDINGS{8486422,  author={Y. {Bao} and Y. {Peng} and C. {Wu} and Z. {Li}},  booktitle={IEEE INFOCOM 2018 - IEEE Conference on Computer Communications},   title={Online Job Scheduling in Distributed Machine Learning Clusters},   year={2018},  volume={},  number={},  pages={495-503},  doi={10.1109/INFOCOM.2018.8486422}}

@INPROCEEDINGS{8119164,  author={J. {Xu} and P. {Chen} and L. {Yang} and F. {Meng} and P. {Wang}},  booktitle={2017 IEEE 14th International Conference on e-Business Engineering (ICEBE)},   title={LogDC: Problem Diagnosis for Declartively-Deployed Cloud Applications with Log},   year={2017},  volume={},  number={},  pages={282-287},  doi={10.1109/ICEBE.2017.52}}



@online{ant,
author={Author Kubernetes},
title={Ant Financial's Hypergrowth Strategy Using Kubernetes},
year={2020},
url={https://kubernetes.io/case-studies/ant-financial/},
urldate={2020-11-30}
}
